%YAML 1.1
%TAG !u! tag:unity3d.com,2011:
--- !u!1 &148688
GameObject:
  m_ObjectHideFlags: 0
  m_PrefabParentObject: {fileID: 0}
  m_PrefabInternal: {fileID: 100100000}
  serializedVersion: 4
  m_Component:
  - 4: {fileID: 456378}
  - 33: {fileID: 3380246}
  - 23: {fileID: 2308240}
  m_Layer: 0
  m_Name: Mesh
  m_TagString: Untagged
  m_Icon: {fileID: 0}
  m_NavMeshLayer: 0
  m_StaticEditorFlags: 0
  m_IsActive: 1
--- !u!1 &188140
GameObject:
  m_ObjectHideFlags: 0
  m_PrefabParentObject: {fileID: 0}
  m_PrefabInternal: {fileID: 100100000}
  serializedVersion: 4
  m_Component:
  - 4: {fileID: 422120}
  - 50: {fileID: 5005174}
  - 114: {fileID: 11408418}
  - 61: {fileID: 6100678}
  m_Layer: 11
  m_Name: PeixeEncharcado
  m_TagString: Untagged
  m_Icon: {fileID: 0}
  m_NavMeshLayer: 0
  m_StaticEditorFlags: 0
  m_IsActive: 1
--- !u!1 &191516
GameObject:
  m_ObjectHideFlags: 0
  m_PrefabParentObject: {fileID: 0}
  m_PrefabInternal: {fileID: 100100000}
  serializedVersion: 4
  m_Component:
  - 4: {fileID: 456990}
  m_Layer: 0
  m_Name: Look
  m_TagString: Untagged
  m_Icon: {fileID: 0}
  m_NavMeshLayer: 0
  m_StaticEditorFlags: 0
  m_IsActive: 1
--- !u!4 &422120
Transform:
  m_ObjectHideFlags: 1
  m_PrefabParentObject: {fileID: 0}
  m_PrefabInternal: {fileID: 100100000}
  m_GameObject: {fileID: 188140}
  m_LocalRotation: {x: 0, y: 0, z: 0, w: 1}
  m_LocalPosition: {x: .0299999993, y: 7.5999999, z: 0}
  m_LocalScale: {x: .5, y: .5, z: .5}
  m_Children:
  - {fileID: 456378}
  - {fileID: 456990}
  m_Father: {fileID: 0}
  m_RootOrder: 0
--- !u!4 &456378
Transform:
  m_ObjectHideFlags: 1
  m_PrefabParentObject: {fileID: 0}
  m_PrefabInternal: {fileID: 100100000}
  m_GameObject: {fileID: 148688}
  m_LocalRotation: {x: 0, y: 0, z: .707106829, w: .707106709}
  m_LocalPosition: {x: 0, y: 0, z: 0}
  m_LocalScale: {x: 1, y: 1, z: 1}
  m_Children: []
  m_Father: {fileID: 422120}
  m_RootOrder: 0
--- !u!4 &456990
Transform:
  m_ObjectHideFlags: 1
  m_PrefabParentObject: {fileID: 0}
  m_PrefabInternal: {fileID: 100100000}
  m_GameObject: {fileID: 191516}
  m_LocalRotation: {x: 0, y: 0, z: 0, w: 1}
  m_LocalPosition: {x: 0, y: 0, z: 0}
  m_LocalScale: {x: 1, y: 1, z: 1}
  m_Children: []
  m_Father: {fileID: 422120}
  m_RootOrder: 1
--- !u!23 &2308240
MeshRenderer:
  m_ObjectHideFlags: 1
  m_PrefabParentObject: {fileID: 0}
  m_PrefabInternal: {fileID: 100100000}
  m_GameObject: {fileID: 148688}
  m_Enabled: 1
  m_CastShadows: 1
  m_ReceiveShadows: 1
  m_Materials:
  - {fileID: 2100000, guid: 4c553ccfdba28614bbbaf5675890e223, type: 2}
  m_SubsetIndices: 
  m_StaticBatchRoot: {fileID: 0}
  m_UseLightProbes: 1
  m_ReflectionProbeUsage: 1
  m_ProbeAnchor: {fileID: 0}
  m_ScaleInLightmap: 1
  m_PreserveUVs: 0
  m_ImportantGI: 0
  m_AutoUVMaxDistance: .5
  m_AutoUVMaxAngle: 89
  m_LightmapParameters: {fileID: 0}
  m_SortingLayerID: 0
  m_SortingOrder: 0
--- !u!33 &3380246
MeshFilter:
  m_ObjectHideFlags: 1
  m_PrefabParentObject: {fileID: 0}
  m_PrefabInternal: {fileID: 100100000}
  m_GameObject: {fileID: 148688}
  m_Mesh: {fileID: 10208, guid: 0000000000000000e000000000000000, type: 0}
--- !u!50 &5005174
Rigidbody2D:
  serializedVersion: 2
  m_ObjectHideFlags: 1
  m_PrefabParentObject: {fileID: 0}
  m_PrefabInternal: {fileID: 100100000}
  m_GameObject: {fileID: 188140}
  m_Mass: 1
  m_LinearDrag: 0
  m_AngularDrag: .0500000007
  m_GravityScale: 0
  m_IsKinematic: 0
  m_Interpolate: 0
  m_SleepingMode: 1
  m_CollisionDetection: 0
  m_Constraints: 0
--- !u!61 &6100678
BoxCollider2D:
  m_ObjectHideFlags: 1
  m_PrefabParentObject: {fileID: 0}
  m_PrefabInternal: {fileID: 100100000}
  m_GameObject: {fileID: 188140}
  m_Enabled: 1
  m_Material: {fileID: 0}
  m_IsTrigger: 1
  m_UsedByEffector: 0
  m_Offset: {x: 0, y: 0}
  serializedVersion: 2
  m_Size: {x: 2, y: 1}
--- !u!114 &11408418
MonoBehaviour:
  m_ObjectHideFlags: 1
  m_PrefabParentObject: {fileID: 0}
  m_PrefabInternal: {fileID: 100100000}
  m_GameObject: {fileID: 188140}
  m_Enabled: 1
  m_EditorHideFlags: 0
  m_Script: {fileID: 11500000, guid: 4244f67c4904dcf4885d4bb87658d641, type: 3}
  m_Name: 
  m_EditorClassIdentifier: 
  hitpoints: 3
  moveMultiplier: 1
  projectileDamage: 15
  rateOfFirePerSec: .800000012
  projectileSpeed: 4
  animator: {fileID: 0}
  projectileList:
  - {fileID: 103458, guid: 176a8d060ad442c478158ef32b99f002, type: 2}
  projectileCounter: .162009478
  projectileCooldownTime: 0
  moveInput: {x: 0, y: 0}
  controlRigidbody: {fileID: 5005174}
  touchDamage: 15
  defeatScore: 50
  initialPosition: {x: .0299999993, y: 7.75}
  offscreenCollider: {fileID: 6100678}
  originalValues:
    hitpoints: 0
    projectileDamage: 0
    projectileSpeed: 0
    rateOfFirePerSec: 0
    touchDamage: 0
    defeatScore: 0
    moveMultiplier: 0
  ySpeed: .5
  lookAt: {fileID: 456990}
  maxRotationPerSec: 60
--- !u!1001 &100100000
Prefab:
  m_ObjectHideFlags: 1
  serializedVersion: 2
  m_Modification:
    m_TransformParent: {fileID: 0}
    m_Modifications:
    - target: {fileID: 0}
      propertyPath: projectileList.Array.size
      value: 1
      objectReference: {fileID: 0}
    - target: {fileID: 0}
      propertyPath: projectileManager.projectilePools.Array.size
      value: 1
      objectReference: {fileID: 0}
    - target: {fileID: 0}
      propertyPath: projectileManager.projectilePools.Array.data[0].projectileList.Array.size
      value: 20
      objectReference: {fileID: 0}
    - target: {fileID: 0}
      propertyPath: projectileManager.projectilePools.Array.data[0].prefab
      value: 
      objectReference: {fileID: 103458, guid: 176a8d060ad442c478158ef32b99f002, type: 2}
    - target: {fileID: 0}
      propertyPath: ySpeed
      value: .5
      objectReference: {fileID: 0}
    - target: {fileID: 0}
      propertyPath: projectileSpeed
      value: 4
      objectReference: {fileID: 0}
    - target: {fileID: 0}
      propertyPath: rateOfFirePerSec
      value: .800000012
      objectReference: {fileID: 0}
    - target: {fileID: 0}
      propertyPath: maxRotationPerSec
      value: 60
      objectReference: {fileID: 0}
    - target: {fileID: 0}
      propertyPath: m_IsTrigger
      value: 1
      objectReference: {fileID: 0}
    - target: {fileID: 0}
      propertyPath: offscreenCollider
      value: 
      objectReference: {fileID: 6100678}
    - target: {fileID: 0}
      propertyPath: m_Layer
      value: 0
      objectReference: {fileID: 0}
    - target: {fileID: 0}
      propertyPath: projectileList.Array.data[0]
      value: 
      objectReference: {fileID: 103458, guid: 176a8d060ad442c478158ef32b99f002, type: 2}
    m_RemovedComponents: []
  m_ParentPrefab: {fileID: 0}
  m_RootGameObject: {fileID: 188140}
  m_IsPrefabParent: 1
